<record><leader>00000cas a2200000 a 4500</leader><controlfield tag="001">13412884</controlfield><controlfield tag="008">860409d19271929nbuwr ne      0    0eng d</controlfield><datafield ind1=" " ind2=" " tag="010"><subfield code="a">sn 86063417 </subfield></datafield><datafield ind1=" " ind2=" " tag="040"><subfield code="a">KSH</subfield><subfield code="b">eng</subfield><subfield code="c">KSH</subfield><subfield code="d">NPT</subfield><subfield code="d">NVG</subfield><subfield code="d">OCL</subfield><subfield code="d">OCLCQ</subfield></datafield><datafield ind1=" " ind2=" " tag="042"><subfield code="a">msc</subfield></datafield><datafield ind1="0" ind2="4" tag="245"><subfield code="a">The Blair pilot.</subfield></datafield><datafield ind1=" " ind2=" " tag="260"><subfield code="a">Blair, Neb. :</subfield><subfield code="b">Don VanDeusen,</subfield><subfield code="c">-1929.</subfield></datafield><datafield ind1=" " ind2=" " tag="300"><subfield code="a">v. :</subfield><subfield code="b">ill. ;</subfield><subfield code="c">61 cm.</subfield></datafield><datafield ind1=" " ind2=" " tag="310"><subfield code="a">Weekly</subfield></datafield><datafield ind1="1" ind2=" " tag="362"><subfield code="a">Began with July 6, 1927 issue.</subfield></datafield><datafield ind1="0" ind2=" " tag="362"><subfield code="a">-v. 57, no. 51 (Jan. 30, 1929).</subfield></datafield><datafield ind1=" " ind2=" " tag="580"><subfield code="a">Merged with: Tribune (Blair, Neb. : 1917), to form: Pilot-tribune (Blair, Neb.).</subfield></datafield><datafield ind1=" " ind2=" " tag="588"><subfield code="a">Description based on: Vol. 56, no. 22 (July 13, 1927).</subfield></datafield><datafield ind1=" " ind2=" " tag="752"><subfield code="a">United States</subfield><subfield code="b">Nebraska</subfield><subfield code="c">Washington</subfield><subfield code="d">Blair.</subfield></datafield><datafield ind1="0" ind2="0" tag="780"><subfield code="t">Pilot (Blair, Neb.)</subfield></datafield><datafield ind1="0" ind2="5" tag="780"><subfield code="t">Herman record</subfield></datafield><datafield ind1="1" ind2="7" tag="785"><subfield code="t">Tribune (Blair, Neb. : 1917)</subfield></datafield><datafield ind1="1" ind2="7" tag="785"><subfield code="t">Pilot-tribune (Blair, Neb.)</subfield></datafield><datafield ind1="1" ind2=" " tag="029"><subfield code="a">AU@</subfield><subfield code="b">000022168158</subfield></datafield></record>